<record><leader>00000cas a2200000 a 4500</leader><controlfield tag="001">8799651</controlfield><controlfield tag="008">820923d18591861dcudn ne      0    0eng  </controlfield><datafield ind1=" " ind2=" " tag="010"><subfield code="a">sn 82014798 </subfield></datafield><datafield ind1=" " ind2=" " tag="040"><subfield code="a">DLC</subfield><subfield code="b">eng</subfield><subfield code="c">DLC</subfield><subfield code="d">NPV</subfield><subfield code="d">NPY</subfield><subfield code="d">NPX</subfield><subfield code="d">DLC</subfield><subfield code="d">NLG</subfield><subfield code="d">NVK</subfield><subfield code="d">CVF</subfield><subfield code="d">DLC</subfield><subfield code="d">DCN</subfield><subfield code="d">OCL</subfield><subfield code="d">NVF</subfield><subfield code="d">DLC</subfield><subfield code="d">CUI</subfield><subfield code="d">OCLCQ</subfield><subfield code="d">OCLCF</subfield><subfield code="d">CUS</subfield></datafield><datafield ind1=" " ind2=" " tag="042"><subfield code="a">pcc</subfield></datafield><datafield ind1=" " ind2=" " tag="043"><subfield code="a">n-us-dc</subfield></datafield><datafield ind1="0" ind2="0" tag="050"><subfield code="a">Newspaper 7342</subfield></datafield><datafield ind1=" " ind2="4" tag="050"><subfield code="a">AN</subfield></datafield><datafield ind1="0" ind2=" " tag="130"><subfield code="a">Constitution (Washington, D.C. : 1859 : Daily)</subfield></datafield><datafield ind1="1" ind2="4" tag="245"><subfield code="a">The constitution.</subfield></datafield><datafield ind1=" " ind2=" " tag="260"><subfield code="a">Washington City [D.C.] :</subfield><subfield code="b">G.W. Bowman,</subfield><subfield code="c">1859-1861.</subfield></datafield><datafield ind1=" " ind2=" " tag="300"><subfield code="a">v.</subfield></datafield><datafield ind1=" " ind2=" " tag="310"><subfield code="a">Daily (except Sundays and Mondays; twice on Saturdays),</subfield><subfield code="b">June 11, 1859-1861</subfield></datafield><datafield ind1=" " ind2=" " tag="321"><subfield code="a">Daily (except Mondays),</subfield><subfield code="b">&lt;Apr. 16, 1859&gt;-June 10, 1859</subfield></datafield><datafield ind1="0" ind2=" " tag="362"><subfield code="a">Vol. 1, no. 1 (Apr. 13, 1859)-v. 2, no. 247 (Jan. 31, 1861).</subfield></datafield><datafield ind1=" " ind2=" " tag="500"><subfield code="a">Publishers: George W. Bowman, 1859-Sat. morning, July 7, 1860; William M. Browne, Sat. evening, July 7, 1860-1861.</subfield></datafield><datafield ind1=" " ind2=" " tag="515"><subfield code="a">On Saturdays published in morning and evening eds. with consecutive issue numbering beginning with v. 1, no. 53, (June 11, 1859).</subfield></datafield><datafield ind1=" " ind2="0" tag="651"><subfield code="a">Washington (D.C.)</subfield><subfield code="v">Newspapers.</subfield></datafield><datafield ind1=" " ind2="7" tag="651"><subfield code="a">Washington (D.C.)</subfield><subfield code="2">fast</subfield><subfield code="0">(OCoLC)fst01204505</subfield></datafield><datafield ind1=" " ind2="7" tag="655"><subfield code="a">Newspapers.</subfield><subfield code="2">fast</subfield><subfield code="0">(OCoLC)fst01423814</subfield></datafield><datafield ind1=" " ind2=" " tag="752"><subfield code="a">United States</subfield><subfield code="b">District of Columbia</subfield><subfield code="d">Washington.</subfield></datafield><datafield ind1="0" ind2=" " tag="775"><subfield code="t">Semi-weekly constitution</subfield><subfield code="w">(DLC)sn 86053112</subfield><subfield code="w">(OCoLC)13182468</subfield></datafield><datafield ind1="0" ind2=" " tag="775"><subfield code="t">Weekly constitution (Washington, D.C.)</subfield><subfield code="w">(DLC)sn 82015057</subfield><subfield code="w">(OCoLC)8797827</subfield></datafield><datafield ind1="0" ind2="0" tag="780"><subfield code="t">Washington union (Washington, D.C. : 1857 : Daily)</subfield><subfield code="w">(DLC)sn 82006534</subfield><subfield code="w">(OCoLC)8776746</subfield></datafield><datafield ind1="4" ind2="1" tag="856"><subfield code="3">04/13/1859 to 01/31/1861</subfield><subfield code="u">http://infoweb.newsbank.com/?db=EANX&amp;s_browseRef=decades/111FB8A1C58C5D48/all.xml</subfield></datafield></record>